% -------------------------------------------------------------------------------------
% Lógica
% -------------------------------------------------------------------------------------
@Book{copi1981,
	title     		= {{Introdução à Lógica}},
	publisher 		= {Mestre Jou},
	year      		= {1981},
	author    		= {Copi, Irving M},
}

@Book{abe2002-logica,
	title     		= {{Introdução à Lógica para a Ciência da Computação}},
	publisher 		= {Arte \& Ciência},
	year      		= {2002},
	author    		= {Abe, Jair Minoro},
}

@Book{joaoPavao2014,
	title     		= {{Lógica e Raciocínio}},
	publisher 		= {College Publications},
	year      		= {2014},
	author    		= {Martins, João Paiva},
}

@Book{magnus2020,
	title     		= {{Forall x: Calgary. An Introduction to Formal Logic}},
	publisher 		= {Fall 2020},
	year      		= {2020},
	author    		= {Magnus, P. D. and Button, Tim and Thomas-Bolduc, Aaron and Zach, Richard and Trueman, Robert},
}

@Book{hodges1997,
	title     		= {{A Shorter Model Theory}},
	publisher 		= {Cambridge university press},
	year      		= {1997},
	author    		= {Hodges, Wilfrid and others},
}

@Book{tarski1983,
  title     		= {{Logic, Semantics, Metamathematics: Papers From 1923 To 1938}},
  publisher 		= {Hackett Publishing},
  year      		= {1983},
  author    		= {Tarski, Alfred},
}

@Book{joaoPavao2014,
  title     		= {{Lógica e Raciocínio}},
  publisher 		= {College Publications},
  year      		= {2014},
  author    		= {Martins, João Paiva},
}

@Book{hamilton1988logic,
  title         = {{Logic for Mathematicians}},
  publisher     = {Cambridge University Press},
  year          = {1988},
  author        = {Hamilton, Alan G},
}

@Book{leonidas2002,
  title     		= {{Lógica: Cálculo Sentencial, Cálculo de Predicados, Cálculo com Igualdades}},
  publisher 		= {GEN},
  year      		= {2012},
  author    		= {Hegenberg, Leônidas},
  edition   		= {3ª},
}

@Book{nunes2008,
  title         = {{Lógica para Ciência da Computação e Áreas Afins}},
  publisher     = {Elsevier Brasil},
  year          = {2008},
  author        = {de Souza, João Nunes},
}

@Book{edgar2002,
  title     		= {{Iniciação à Lógica Matemática}},
  publisher 		= {NBL Editora},
  year      		= {2002},
  author    		= {de Alencar Filho, Edgard},
}

@Book{gentzen1969,
  title         = {{The Collected Papers of Gerhard Gentzen}},
  publisher     = {North-Holland Amsterdam},
  year          = {1969},
  author        = {Szabo, Manfred Egon and others},
  volume        = {74},
}

% -------------------------------------------------------------------------------------
% Matemática Discreta
% -------------------------------------------------------------------------------------
@Book{carmo2013,
  title     		= {{Elementos de Matemática Discreta}},
  publisher 		= {College Publications},
  year      		= {2013},
  author    		= {Carmo, José and Gouveia, Paula and Dionísio, Francisco Miguel},
}

@Book{boole1854,
  title         = {{An Investigation of the Laws of Thought: On which are Founded the Mathematical Theories of Logic and Probabilities}},
  publisher     = {Walton and Maberly},
  year          = {1854},
  author        = {Boole, George},
  volume        = {2},
}

@Book{boole1957,
  title         = {{The Laws of Thought}},
  publisher     = {Dover, New York (original edition 1854)},
  year          = {1957},
  author        = {Boole, George},
}

@Book{tarski1983,
  title     		= {{Logic, Semantics, Metamathematics: Papers From 1923 To 1938}},
  publisher 		= {Hackett Publishing},
  year      		= {1983},
  author    		= {Tarski, Alfred},
}

@Book{mortari2001,
  title     		= {{Introdução à Lógica}},
  publisher 		= {Unesp},
  year      		= {2001},
  author    		= {Mortari, Cezar A},
}

% -------------------------------------------------------------------------------------
% Teoria da Computação
% -------------------------------------------------------------------------------------
@book{hopcroft2008,
	title				= {{Introduction to Automata Theory, Languages and Computation}},
	author				= {Hopcroft, John E and Motwani, Rajeev and Ullman, Jeffrey D.},
	edition 			= {3ª},
	publisher			= {Pearson Education India},
	year					= {2008},
	Address  			= {USA}
}

@Book{linz2006,
	title     		= {{An Introduction to Formal Languages and Automata}},
	publisher 		= {Jones \& Bartlett Learning},
	year      		= {2006},
	author    		= {Linz, Peter},
	address   		= {New York},
}

@Book{benjaLivro2010,
	title     		= {{Introdução à Teoria da Computação: Linguagens Formais, Autômatos e Computabilidade}},
	publisher 		= {Editora UnP},
	year      		= {2010},
	author    		= {Bedregal, Benjamín and Acióly, B M and Lyra, A},
	address   		= {Natal},
}

@Book{sernadas2006,
  title         = {{Fundamentos de Lógica e Teoria da Computação}},
  publisher     = {College Publications},
  year          = {2012},
  author        = {Sernadas, Am{\i}lcar and Sernadas, Cristina},
  note          = {Coleção: Cadernos de Lógica e Computação},
}

% -------------------------------------------------------------------------------------
% Arquitetura de Computadores e Eletrônica
% -------------------------------------------------------------------------------------
@Book{murdocca2001,
  title         = {Introdu{\c{c}}{\~a}o {\`a} arquitetura de computadores},
  author        = {Murdocca, Miles J and Heuring, Vincent P},
  year          = {2001},
  publisher     = {Elsevier}
}

@Book{stallings2010,
  title         = {Arquitetura e Organiza{\c{c}}{\~a}o de Computadores 8a Edi{\c{c}}{\~a}o},
  author        = {Stallings, William},
  year          = {2010},
  publisher     = {S{\~a}o Paulo: Prentice Hall do Brasil}
}

@Book{capuano2018,
  title         = {Elementos de eletr{\^o}nica digital},
  author        = {Capuano, Francisco Gabriel},
  year          = {2018},
  publisher     = {Saraiva Educa{\c{c}}{\~a}o SA}
}

@Book{holdsworth2002,
  title         = {Digital logic design},
  author        = {Holdsworth, Brian and Woods, Clive},
  year          = {2002},
  publisher     = {Elsevier}
}

