% -------------------------------------------------------------------------------------
% Computabilidade
% -------------------------------------------------------------------------------------
@article{godel1931,
  author    		= {G{\"o}del, Kurt},
  title     		= {{Über formal unentscheidbare Sätze der Principia Mathematica und verwandter Systeme I}},
  journal   		= {Monatshefte für mathematik und physik},
  year      		= {1931},
  volume    		= {38},
  number    		= {1},
  pages     		= {173--198},
  publisher 		= {Springer},
}