% -------------------------------------------------------------------------------------
% Computabilidade
% -------------------------------------------------------------------------------------
@TechReport{kleene1951,
  author        = {Kleene, Stephen Cole},
  title         = {{Representation of events in nerve nets and finite automata}},
  institution   = {Rand Project Air Force Santa Monica CA},
  year          = {1951},
}