% -------------------------------------------------------------------------------------
% Linguagens Formais e Autômatos
% -------------------------------------------------------------------------------------
@MastersThesis{valdi2016master,
	Title         = {{Linguagens Lineares Fuzzy}},
	Author        = {Valdigleis S Costa},
	School        = {{Programa de Pós-graduação em Sistemas e Computação, Universidade Federal do Rio Grande do Norte, UFRN}},
	Address       = {Natal, RN},
	Year          = {2016}
}

@PhdThesis{valdi2020phd,
	title					= {{Autômatos Fuzzy Hesitantes Típicos: Teoria e Aplicações}},
	author				= {Valdigleis S Costa},
	School				= {{Programa de Pós-graduação em Sistemas e Computação, Universidade Federal do Rio Grande do Norte, UFRN}},
	Address 			= {Natal, RN},
	year					= {2020}
}



@PhdThesis{thadeu2021phd,
	title					= {{Grafos fuzzy intervalares n-dimensionais}},
	author				= {Thadeu Ribeiro Benício Milfont},
	School				= {{Programa de Pós-graduação em Sistemas e Computação, Universidade Federal do Rio Grande do Norte, UFRN}},
	Address				= {Natal, RN},
	year					= {2021}
}

% -------------------------------------------------------------------------------------
% Extensôes Fuzzy
% -------------------------------------------------------------------------------------
@PhdThesis{annax2019phd,
	title					= {{Conjuntos fuzzy multidimensionais}},
	author				= {Annaxsuel Araújo de Lima},
	School				= {{Programa de Pós-graduação em Sistemas e Computação, Universidade Federal do Rio Grande do Norte, UFRN}},
	Address				= {Natal, RN},
	year					= {2019}
}

@PhdThesis{rui2019phd,
	title					= {{Uma extensão de overlaps e naBL-Álgebras para reticulados}},
	author				= {Rui Eduardo Brasileiro Paiva},
	School				= {{Programa de Pós-graduação em Sistemas e Computação, Universidade Federal do Rio Grande do Norte, UFRN}},
	Address				= {Natal, RN},
	year					= {2019}
}



% -------------------------------------------------------------------------------------
% Lógica
% -------------------------------------------------------------------------------------
@PhdThesis{rodrigues2021,
  author        = {Rodrigues, Douglas Alexandre},
  title         = {{Sobre a Lógica da Verdade Pragmática em Cálculo de Sequentes}},
  school        = {Universidade Estadual Paulista},
  year          = {2021},
  address       = {São Paulo, Brasil},
}

@PhdThesis{silva2018,
  author        = {Silva, Helen Gomes da},
  title         = {{A Lógica da Verdade Pragmática em um Sistema de Tableaux}},
  school        = {Universidade Estadual Paulista},
  year          = {2018},
  address       = {São Paulo, Brasil},
}

@PhdThesis{vania2019phd,
	title					= {{On algebras for interval-valued fuzzy logic}},
	author				= {Antônia Jocivania Pinheiro},
	School				= {{Programa de Pós-graduação em Sistemas e Computação, Universidade Federal do Rio Grande do Norte, UFRN}},
	Address				= {Natal, RN},
	year					= {2019}
}
