% -------------------------------------------------------------------------------------
% Lógica
% -------------------------------------------------------------------------------------
@unpublished{benja-Logica,
	author 				= {Bedregal, Benjamín and Acióly, B M},
	note   				= {Notas de Aula},
	title  				= {Introdução à Lógica Clássica para a Ciência da Computação},
	year   				= {2007}
}

@unpublished{stanford-dic-1,
	author 				= {Stanford Introduction to Logic},
	title 				= {{Operator Precedence}},
	note 					= {Acessado em 25 de Agosto de 2024 na página \url{http://intrologic.stanford.edu/dictionary/operator_precedence.html}},
	year 					= {2023}
}

@misc{russel1910principia,
	author    		= {AN, Whitehead and Russell, B},
	title     		= {{Principia Mathematica}},
	year      		= {1910},
	publisher 		= {Cambridge},
}
